@techreport{btagging-cms-run2,
	title         = "{Identification of b quark jets at the CMS Experiment in
	the LHC Run 2}",
	institution   = "CERN",
	collaboration = "CMS",
	address       = "Geneva",
	number        = "CMS-PAS-BTV-15-001",
	year          = "2016",
	reportNumber  = "CMS-PAS-BTV-15-001",
	url           = "https://cds.cern.ch/record/2138504",
}

@article{alpha-variable,
	author         = "Randall, Lisa and Tucker-Smith, David",
	title          = "{Dijet Searches for Supersymmetry at the LHC}",
	journal        = "Phys. Rev. Lett.",
	volume         = "101",
	year           = "2008",
	pages          = "221803",
	doi            = "10.1103/PhysRevLett.101.221803",
	eprint         = "0806.1049",
	archivePrefix  = "arXiv",
	primaryClass   = "hep-ph",
	SLACcitation   = "%%CITATION = ARXIV:0806.1049;%%"
}

@article{cmslumi16,
	author = "{CMS Collaboration}",
	title = "{Public CMS Data Quality Information}",
}
%w = "https://twiki.cern.ch/twiki/bin/view/CMSPublic/DataQuality",

@article{inelasticxs-atlas13tev,
	author         = "Aaboud, M. and others",
	title          = "{Measurement of the Inelastic Proton-Proton Cross Section 
	at $\sqrt{s} = 13$ TeV with the ATLAS Detector at the LHC}",
	collaboration  = "ATLAS",
	journal        = "Phys. Rev. Lett.",
	volume         = "117",
	year           = "2016",
	pages          = "182002",
	doi            = "10.1103/PhysRevLett.117.182002",
	eprint         = "1606.02625",
	archivePrefix  = "arXiv",
	primaryClass   = "hep-ex",
	reportNumber   = "CERN-EP-2016-140",
	SLACcitation   = "%%CITATION = ARXIV:1606.02625;%%"
}

@Article{tagnprobe,
	author = {Adam, N. and Berryhill, J. and Halyo, V. and Hunt, A. and Mishra, 
	K.},
	title = “{Generic Tag and Probe Tool for Measuring Efficiency at CMS with 
	Early Data}”,
	note = "CMS AN-2009/111", 
	year = "2009"
}

%% Monte Carlo stuff

@article{fastsim,
	author={Abdullin S. and Azzi, P. and Beaudette, P. and Janot, P. and 
	Perrotta, A.},
	collaboration="CMS",
	title="The fast simulation of the CMS detector at LHC",
	journal="J. Phys. Conf. Ser. ",
	year="2011",
	volume="331",
	pages="032049",
	doi="10.1088/1742-6596/331/3/032049",
}


%% Obtained via the getNewBibTeX script and the SPIRES biblio service

@Article{Phys.Rev.Lett.19.1264,
     author    = "Weinberg, Steven",
     title     = "A MODEL OF LEPTONS",
     journal   = "Phys. Rev. Lett.",
     volume    = "19",
     year      = "1967",
     pages     = "1264-1266",
     SLACcitation  = "%%CITATION = PRLTA,19,1264;%%"
}

@Article{Phys.Rev.D2.1285,
     author    = "Glashow, S. L. and Iliopoulos, J. and Maiani, L.",
     title     = "WEAK INTERACTIONS WITH LEPTON - HADRON SYMMETRY",
     journal   = "Phys. Rev.",
     volume    = "D2",
     year      = "1970",
     pages     = "1285-1292",
     SLACcitation  = "%%CITATION = PHRVA,D2,1285;%%"
}

@Article{hep-ph/0410370,
     author    = "Willenbrock, Scott",
     title     = "Symmetries of the standard model",
     year      = "2004",
     eprint    = "hep-ph/0410370",
     SLACcitation  = "%%CITATION = HEP-PH 0410370;%%"
}

@Article{Brianti:2004qq,
     author    = "Brianti, G.",
     title     = "The Large Hadron Collider project: Historical account",
     journal   = "Phys. Rept.",
     volume    = "403-404",
     year      = "2004",
     pages     = "349-364",
     SLACcitation  = "%%CITATION = PRPLC,403-404,349;%%"
}

@Article{Amato:1998xt,
     author    = "Amato, S. and others",
 collaboration = "LHCb",
     title     = "LHCb technical proposal",
     note     = "CERN-LHCC-98-4"
}

@Misc{hepthesis,
     author = "Buckley, Andy",
     title  = "The hepthesis {\LaTeX} class"
}
